2479 3508
756 72 1201 132 Neue
1101 315 1681 375 Presse.
660 327 670 387 10

933 419 1263 479 Morgenblatt.

768 531 886 591 Wien,
904 530 1085 590 Mittwoch,
1103 529 1153 589 den
1184 529 1221 589 6.
1240 526 1371 586 Januar
46 533 100 593 Nr.
185 538 195 598 22.
1908 512 2071 572 1875.

224 2351 275 2411 Die
283 2353 405 2413 Komische
416 2351 495 2411 Oper.

61 2393 113 2453 Ed.
120 2396 154 2456 H.
178 2396 213 2456 Es
234 2396 279 2456 war
292 2396 320 2456 in
341 2396 400 2456 einer
420 2396 552 2456 Aufführung
576 2396 610 2456 der
628 2395 700 2455 „Beide

9 2425 121 2485 Schützen"
137 2423 174 2483 von
190 2426 283 2486 Lortzing.
312 2425 359 2485 Wie
378 2425 405 2485 um
438 2423 467 2483 ein
491 2425 570 2485 trautes
590 2423 715 2483 Kaminfeuer

5 2452 68 2512 saßen
84 2452 125 2512 wir
144 2452 183 2512 vor
198 2452 230 2512 der
252 2452 332 2512 Bühne
354 2452 392 2512 und
415 2452 513 2512 wärmten
529 2452 570 2512 uns
586 2452 608 2512 an
631 2452 662 2512 dem
688 2449 716 2509 be¬

9 2482 110 2542 scheidenen
121 2482 226 2542 gesunden
240 2482 322 2542 Humor
337 2482 371 2542 der
390 2482 513 2542 Handlung,
524 2479 550 2539 an
569 2481 602 2541 dem
628 2481 710 2541 gemuth

13 2512 75 2572 vollen
92 2512 202 2572 Frohsinne
212 2509 254 2569 der
267 2511 346 2571 Musik.
370 2512 422 2572 Das
443 2511 470 2571 ist
484 2509 504 2569 so
522 2509 577 2569 recht
587 2509 625 2569 das
642 2506 707 2566 Genre

9 2540 52 2600 das
66 2539 102 2599 für
116 2540 184 2600 unsere
198 2541 297 2601 Komische
312 2541 372 2601 Oper
390 2542 443 2602 paßt
465 2539 504 2599 und
522 2538 568 2598 mit
589 2538 643 2598 ihren
661 2536 710 2596 Kräf

0 2566 44 2626 ten
60 2569 190 2629 befriedigend
203 2571 289 2631 gegeben
308 2570 384 2630 werden
400 2571 463 2631 kann.
489 2569 533 2629 Die
549 2566 625 2626 Herren
651 2566 702 2626 ware

9 2599 143 2659 vortrefflich,
160 2598 208 2658 über
225 2597 256 2657 die
269 2599 386 2659 Schwächen
413 2596 447 2656 des
465 2596 567 2656 schwachen
588 2596 715 2656 Geschlechtes

0 2628 48 2688 sah
63 2626 111 2686 man
125 2626 188 2686 willig
203 2627 295 2687 hinweg,
306 2629 353 2689 und
361 2629 423 2689 Alles
438 2626 549 2686 unterhielt
567 2623 600 2683 sich
622 2623 655 2683 bei
674 2623 710 2683 den

0 2655 66 2715 alten
82 2655 211 2715 Singspiele,
218 2655 254 2715 das
274 2655 294 2715 im
321 2655 393 2715 großen
410 2655 546 2715 Opernhause
565 2655 714 2715 wahrscheinlich

4 2682 45 2742 als
64 2684 105 2744 eine
121 2684 251 2744 beleidigende
264 2684 359 2744 Kinderei
372 2685 525 2745 aufgenommen
544 2682 582 2742 und
588 2679 709 2739 todtgegähn

4 2710 89 2770 worden
106 2713 171 2773 wäre.
184 2712 225 2772 Die
235 2712 324 2772 „Beiden
337 2712 443 2772 Schützen"
460 2711 545 2771 belebten
562 2709 684 2769 neuerdings
695 2710 712 2770 in
868 2712 1031 2772 Berechtigung;
1048 2709 1096 2769 aber
1116 2709 1164 2769 man
1188 2709 1249 2769 weiß,
1266 2709 1304 2769 daß
1324 2707 1344 2767 er
1361 2706 1392 2766 bei
1406 2706 1440 2766 den

9 2741 47 2801 uns
61 2739 95 2799 den
114 2742 211 2802 Wunsch,
226 2742 248 2802 es
274 2742 349 2802 möchte
375 2742 416 2802 dies
431 2742 520 2802 schmucke
535 2740 595 2800 Haus
613 2738 647 2798 für
662 2736 710 2796 Wien

9 2766 101 2826 erhalten
115 2769 187 2829 bleiben
201 2767 214 2827 —
245 2769 389 2829 wohlgemerkt
403 2769 434 2829 als
451 2770 478 2830 ein
495 2769 554 2829 Hort
564 2769 598 2829 der
608 2766 715 2826 wirklicher

4 2796 114 2856 komischen
131 2799 199 2859 Oper,
213 2799 271 2859 nicht
285 2799 316 2859 als
333 2799 360 2859 ein
377 2799 500 2859 Durchhaus
524 2799 559 2859 für
576 2798 613 2858 alle
627 2796 716 2856 erdenkli¬

9 2825 46 2885 chen
66 2826 290 2886 Sehenswürdigkeiten
311 2829 357 2889 oder
368 2829 404 2889 als
421 2829 451 2889 ein
468 2826 589 2886 Treibhaus
605 2825 642 2885 für
656 2825 723 2885 Kraut

9 2854 46 2914 und
62 2849 146 2909 Rüben.
166 2853 212 2913 Mit
226 2855 309 2915 welcher
322 2858 403 2918 Freude
409 2857 479 2917 hatten
499 2855 536 2915 wir
553 2854 583 2914 die
599 2852 719 2912 Gründung

13 2882 76 2942 dieses
99 2882 198 2942 Theaters
221 2884 307 2944 begrüßt
324 2885 370 2945 und
387 2884 433 2944 aus
453 2884 516 2944 seinen
536 2883 592 2943 ersten
612 2882 715 2942 glücklichen

9 2912 119 2972 Anfängen
150 2909 194 2969 eine
218 2912 332 2972 zukünftige
352 2914 421 2974 Opéra
448 2912 545 2972 Comique
575 2912 716 2972 Deutschlands

9 2942 154 3002 herausgelesen
172 2936 220 2996 oder
234 2936 275 2996 doch
293 2942 459 3002 herausgehofft!
479 2941 549 3001 Diese
566 2941 659 3001 Illusion
683 2939 711 2999 ha

14 2966 52 3026 uns
66 2969 145 3029 treulos
156 2966 270 3026 verlassen:
284 2966 315 3026 die
328 2972 429 3032 Komische
439 2969 498 3029 Oper
512 2971 557 3031 hält
570 2971 633 3031 nicht,
646 2968 688 3028 was
698 2966 709 3026 si

5 2998 125 3058 versprach,
142 2998 193 3058 steht
211 2996 265 3056 nicht
286 2993 324 3053 auf
344 2997 378 3057 der
396 3001 450 3061 Höhe
471 2999 509 3059 der
522 2999 605 3059 Wiener
625 2997 711 3057 Theater

13 3027 130 3087 ansprüche,
147 3026 175 3086 sie
192 3024 219 3084 ist
233 3023 274 3083 eine
291 3025 405 3085 anständige
425 3029 590 3089 Provinzbühne,
611 3026 663 3086 ohne
687 3026 718 3086 der

5 3054 111 3114 Vortheil
118 3055 156 3115 des
173 3053 265 3113 sicheren,
276 3051 354 3111 stabilen
372 3055 491 3115 Publicums
509 3055 560 3115 einer
577 3055 663 3115 solchen.
677 3055 714 3115 All

5 3078 81 3138 Ehren
104 3085 142 3145 der
150 3082 241 3142 rastlosen
260 3081 378 3141 Thätigkeit
382 3085 568 3145 Hasemann's
580 3083 595 3143 —
629 3084 675 3144 aber
690 3082 713 3142 die

13 3111 117 3171 unruhige
127 3112 188 3172 Haft,
199 3112 238 3172 mit
252 3109 331 3169 welcher
345 3109 395 3169 diese
406 3112 516 3172 Thätigkeit
531 3112 563 3172 sich
580 3112 620 3172 auf
634 3112 666 3172 die
680 3114 705 3174 ve

9 3142 191 3202 schiedenartigsten
215 3140 332 3200 Gattungen
349 3136 415 3196 wirft
429 3142 693 3202 („Sommernachtstraum

9 3169 112 3229 „Ludwig
122 3167 195 3227 XI."),
202 3168 239 3228 die
246 3169 360 3229 seltsamsten
370 3169 542 3229 Combinationen
556 3170 642 3230 eingeht
652 3169 714 3229 (Gal¬

9 3199 181 3259 meyer=Rosen),
194 3199 287 3259 beweist,
300 3197 343 3257 daß
359 3196 392 3256 der
406 3196 482 3256 Grund
495 3198 541 3258 und
558 3198 631 3258 Boden
647 3199 720 3259 bereits

9 3226 91 3286 wankt,
102 3229 140 3289 auf
153 3229 233 3289 welchem
260 3229 291 3289 die
301 3229 446 3289 ursprüngliche
456 3229 649 3289 Kunstbestimmung
662 3229 711 3289 diese

5 3258 118 3318 Theaters
133 3259 166 3319 sich
185 3259 286 3319 aufbaute.

54 3289 106 3349 Die
110 3291 219 3351 Komische
235 3293 295 3353 Oper
315 3291 372 3351 steckt
392 3286 481 3346 zwischen
505 3287 561 3347 einem
594 3288 654 3348 bösen
678 3286 722 3346 Di¬

9 3318 101 3378 lemma.
124 3321 234 3381 Entweder
253 3321 284 3381 sie
299 3319 398 3379 engagirt
418 3316 448 3376 ein
479 3318 665 3378 ausgezeichnetes,
685 3316 711 3376 das

13 3346 112 3406 Publicum
145 3348 248 3408 fesselndes
264 3348 377 3408 Personal:
393 3345 450 3405 dann
476 3345 542 3405 findet
562 3345 589 3405 sie
609 3345 632 3405 im
665 3345 715 3405 uner¬

14 3378 159 3438 schwinglichen
173 3378 305 3438 Gagen=Etat
309 3378 371 3438 ihren
389 3378 468 3438 sicheren
481 3377 552 3437 Ruin,
565 3375 613 3435 oder
627 3375 653 3435 sie
662 3375 724 3435 spielt
724 3372 887 3432 ganismus
909 3372 953 3432 der
966 3372 1067 3432 großen
1085 3370 1164 3430 Oper
1173 3369 1319 3429 verbände.

730 2253 777 2313 mit
790 2252 954 2312 größtmöglicher
967 2251 1110 2311 Sparsamkeit
1118 2249 1192 2309 („ganz
1204 2246 1278 2306 einfach
1299 2246 1343 2306 und
1360 2245 1433 2305 beschei

725 2285 803 2345 den",
811 2282 850 2342 wie
850 2282 945 2342 Matras
958 2279 1031 2339 singt),
1040 2279 1096 2339 dann
1109 2277 1178 2337 erzielt
1191 2276 1217 2336 sie
1230 2276 1316 2336 niemals
1334 2276 1364 2336 ein
1377 2275 1429 2335 volle

730 2312 803 2372 Haus.
812 2312 865 2372 Bei
873 2312 910 2372 den
927 2309 988 2369 hohen
1004 2309 1148 2369 künstlerischen
1165 2308 1288 2368 Ansprüchen
1304 2306 1341 2366 des
1357 2306 1435 2366 Wiener

730 2340 852 2400 Publicums
861 2339 910 2399 und
922 2339 959 2399 bei
971 2339 1004 2399 den
1020 2339 1114 2399 enormen
1131 2336 1200 2396 Gagen
1212 2333 1253 2393 der
1274 2333 1335 2393 ersten
1351 2333 1425 2393 Sänger

729 2370 779 2430 und
795 2369 937 2429 Sängerinnen
954 2367 966 2427 —
996 2366 1025 2426 sie
1041 2366 1116 2426 werden
1137 2363 1175 2423 von
1200 2363 1254 2423 ihrer
1271 2363 1425 2423 Schwindelhöh

739 2399 814 2459 gerade
824 2399 847 2459 so
852 2397 988 2457 herabsteigen
1007 2396 1082 2456 müssen
1096 2393 1134 2453 wie
1143 2393 1218 2453 unsere
1228 2393 1401 2453 Wohnungszinse
1406 2388 1420 2448 —

735 2426 785 2486 kann
800 2429 831 2489 ein
846 2427 908 2487 gutes
911 2426 1065 2486 Operntheater
1080 2423 1133 2483 ohne
1141 2423 1267 2483 Subvention
1283 2420 1432 2480 schlechterdings

733 2454 790 2514 nicht
801 2452 901 2512 bestehen.
926 2452 1001 2512 Selbst
1012 2452 1033 2512 in
1054 2451 1133 2511 Paris,
1147 2449 1179 2509 wo
1204 2449 1247 2509 doch
1269 2449 1304 2509 das
1322 2449 1390 2509 Genre
1401 2449 1433 2509 der

729 2482 840 2542 komischen
856 2482 915 2542 Oper
927 2482 963 2542 sich
979 2481 1018 2541 auf
1038 2479 1070 2539 die
1089 2479 1169 2539 ältesten
1188 2479 1323 2539 Traditionen
1347 2476 1390 2536 und
1410 2476 1426 2536 die

730 2513 863 2573 lebhaftesten
881 2512 1014 2572 Sympathien
1036 2507 1071 2567 der
1093 2508 1226 2568 Bevölkerung
1248 2509 1315 2569 stützt,
1333 2506 1430 2566 vermöcht

735 2539 767 2599 die
779 2542 850 2602 Opéra
866 2540 966 2600 Comique
985 2537 1041 2597 nicht
1057 2538 1112 2598 ohne
1132 2536 1219 2596 Zuschuß
1243 2536 1263 2596 zu
1287 2536 1394 2596 existiren;
1410 2533 1434 2593 die

733 2570 851 2630 Regierung
866 2571 959 2631 gewährt
973 2569 1007 2629 ihr
1029 2568 1143 2628 bekanntlich
1166 2564 1214 2624 eine
1232 2563 1284 2623 hohe
1302 2564 1443 2624 Subvention,

734 2599 774 2659 wie
787 2599 832 2659 auch
848 2596 885 2656 der
897 2598 979 2658 Großen
995 2596 1060 2656 Oper
1073 2595 1114 2655 und
1126 2594 1163 2654 dem
1187 2594 1277 2654 Théâtre
1285 2593 1383 2653 Lyrique.
1383 2591 1440 2651 Ein¬

733 2628 856 2688 vorzügliche
868 2626 927 2686 Oper
939 2626 967 2686 ist
979 2626 1006 2686 ein
1022 2626 1105 2686 theures
1117 2623 1176 2683 Ding
1192 2623 1232 2683 und
1248 2623 1307 2683 kostet
1319 2622 1386 2682 mehr,
1406 2620 1422 2680 al

733 2655 761 2715 sie
777 2656 876 2716 einträgt.
900 2655 931 2715 Es
947 2655 1058 2715 verlautete
1070 2650 1113 2710 auch
1129 2651 1184 2711 schon
1200 2652 1220 2712 in
1236 2652 1295 2712 Wien
1307 2652 1347 2712 der
1358 2649 1426 2709 Wunse

729 2685 785 2745 nach
799 2685 855 2745 einer
869 2685 1058 2745 Subventionirung
1076 2682 1109 2742 der
1124 2679 1235 2739 Komischen
1250 2679 1320 2739 Oper,
1331 2679 1371 2739 und
1375 2679 1438 2739 gewi¬

734 2723 1448 2758 nicht ohne Berechtigung; aber man weiß, daß er bei den
730 2742 831 2802 Mächten
843 2741 884 2801 des
900 2742 1030 2802 Hof=Aerars
1038 2739 1082 2799 auf
1099 2739 1289 2799 unüberwindlichen
1310 2736 1435 2796 Widerstand

736 2772 801 2832 stößt.
826 2769 917 2829 „Wie?"
926 2766 990 2826 heißt
1008 2768 1034 2828 es
1055 2769 1116 2829 dort,
1128 2767 1180 2827 „wir
1202 2766 1280 2826 sollten,
1297 2766 1357 2826 selbst
1370 2765 1439 2825 schwe¬

735 2799 831 2859 bedrückt
842 2799 879 2859 von
897 2799 931 2859 dem
955 2799 1034 2859 Deficit
1055 2796 1089 2856 des
1106 2796 1309 2856 Hofoperntheaters,
1323 2796 1375 2856 auch
1392 2794 1433 2854 noch

738 2829 795 2889 einen
818 2829 906 2889 Rivalen
925 2826 1028 2886 desselben
1055 2823 1188 2883 unterstützen,
1207 2823 1268 2883 einen
1295 2823 1440 2883 Concurrenten

739 2858 878 2918 prämiiren?"
899 2856 971 2916 Nun,
975 2855 1026 2915 eine
1038 2855 1102 2915 starke
1110 2852 1241 2912 Concurrenz
1262 2852 1330 2912 macht
1338 2852 1389 2912 euch
1410 2849 1439 2909 die

735 2885 842 2945 Komische
853 2883 912 2943 Oper
927 2885 990 2945 nicht,
997 2882 1093 2942 bemerkte
1108 2882 1134 2942 ich
1156 2882 1200 2942 mit
1215 2882 1274 2942 einem
1303 2880 1432 2940 bedauernden

729 2914 797 2974 Blick
811 2913 850 2973 auf
864 2913 893 2973 die
907 2913 1018 2973 halbleeren
1035 2912 1107 2972 Bänke
1117 2909 1139 2969 zu
1157 2907 1210 2967 einer
1214 2909 1438 2969 Hofopern=Autorität

734 2945 775 3005 die
784 2945 817 3005 sich
838 2942 901 3002 neben
922 2942 963 3002 mir
988 2941 1009 3001 in
1034 2940 1072 3000 den
1093 2941 1185 3001 „Beiden
1206 2939 1314 2999 Schützen"
1335 2939 1435 2999 amüsirte

736 2973 824 3033 „Doch,
828 2971 903 3031 doch!"
920 2969 991 3029 seufzte
1004 2969 1037 3029 die
1050 2969 1167 3029 Autorität.
1175 2968 1276 3028 „Solcher
1289 2966 1435 3026 Theaterbesud

743 3002 783 3062 hilft
800 2999 836 3059 der
853 3002 963 3062 Komischen
979 2999 1036 3059 Oper
1052 2999 1105 3059 nicht
1122 2997 1162 3057 auf
1179 2997 1219 3057 und
1240 2996 1301 3056 uns
1321 2996 1399 3056 schadet
1411 2994 1435 3054 er

738 3029 900 3089 Angenommen,
912 3029 954 3089 daß
973 3026 1012 3086 die
1031 3029 1158 3089 „Komische“
1181 3025 1228 3085 auch
1251 3026 1293 3086 nur
1312 3026 1436 3086 dreihunder

743 3058 852 3118 Zuschauer
865 3058 991 3118 allabendlich
1008 3055 1092 3115 anlockt,
1101 3053 1122 3113 so
1134 3053 1223 3113 entzieht
1235 3053 1265 3113 sie
1277 3053 1328 3113 diese
1336 3053 1429 3113 Dreihun

738 3085 782 3145 dert
794 3085 838 3145 dem
866 3086 1060 3146 Hofoperntheater.
1084 3084 1159 3144 Macht
1175 3082 1227 3142 aber
1247 3082 1291 3142 eine
1310 3082 1426 3142 Vorstellun

739 3116 784 3176 oder
796 3115 841 3175 eine
853 3115 919 3175 Serie
931 3112 972 3172 von
980 3113 1140 3173 Vorstellungen
1160 3109 1217 3169 volle
1234 3110 1324 3170 Häuser,
1340 3109 1381 3169 wie
1401 3107 1438 3167 das

738 3143 834 3203 Gastspiel
845 3142 881 3202 der
893 3144 980 3204 Lucca
996 3142 1047 3202 oder
1059 3139 1214 3199 voraussichtlich
1238 3139 1273 3199 das
1289 3139 1428 3199 bevorstehend

738 3172 769 3232 der
785 3172 877 3232 Patti,
889 3173 908 3233 so
924 3172 1036 3232 empfindet
1047 3169 1117 3229 unsere
1129 3169 1190 3229 Kasse
1210 3169 1244 3229 den
1272 3169 1387 3229 Rückschlag
1403 3168 1434 3228 seh

735 3200 868 3260 bedeutend."
897 3198 931 3258 Es
945 3200 1015 3260 müßte
1026 3201 1082 3261 also,
1089 3199 1177 3259 schlossen
1196 3196 1233 3256 wir
1251 3197 1435 3257 übereinstimmend

738 3232 761 3292 ein
779 3229 858 3289 Mittel
869 3229 966 3289 gefunden
985 3229 1074 3289 werden,
1093 3229 1123 3289 die
1138 3226 1238 3286 Komische
1253 3226 1313 3286 Oper
1332 3226 1354 3286 zu
1376 3226 1429 3286 erhal

738 3259 779 3319 ten,
790 3259 809 3319 ja
831 3259 853 3319 zu
879 3258 939 3318 heben
961 3258 1002 3318 und
1024 3256 1054 3316 sie
1065 3256 1147 3316 trotzdem
1180 3255 1310 3315 unschädlich,
1317 3253 1380 3313 sogar
1395 3253 1432 3313 vor

739 3285 829 3345 theilhaft
841 3285 862 3345 zu
878 3285 956 3345 machen
981 3285 1018 3345 für
1034 3285 1075 3345 das
1096 3282 1288 3342 Hofoperntheater.
1313 3279 1366 3339 Dies
1387 3279 1436 3339 wäre

735 3315 775 3375 der
783 3315 838 3375 Fall,
838 3315 916 3375 wenn
932 3314 983 3374 das
999 3312 1152 3372 Hof=Aerar
1168 3312 1211 3372 die
1223 3312 1361 3372 Komische
1361 3309 1428 3369 Ope¬

735 3342 765 3402 in
776 3342 875 3402 eigene
886 3342 975 3402 Regie
989 3342 1155 3402 übernahme
1170 3339 1229 3399 und
1244 3339 1303 3399 mit
1321 3339 1369 3399 dem
1391 3339 1443 3399 Or¬

736 3389 1319 3427 ganismus der großen Oper verbände.
1502 2243 1549 2303 Als
1562 2243 1610 2303 eine
1623 2240 1783 2300 Zweigstiftung,
1792 2240 1835 2300 eine
1852 2238 1982 2298 Dependance
1995 2237 2030 2297 des
2043 2237 2156 2297 Hofopern¬

1454 2270 1544 2330 theaters
1562 2273 1635 2333 könnte
1644 2273 1678 2333 die
1695 2270 1795 2330 Komische
1808 2267 1864 2327 Oper
1872 2264 1889 2324 —
1920 2266 1941 2326 in
1958 2267 2109 2327 Privathänden
2127 2264 2157 2324 ein

1451 2303 1563 2363 fressendes
1577 2302 1661 2362 Kapital
1666 2300 1685 2360 —
1708 2300 1750 2360 zur
1764 2298 1871 2358 ergiebigen
1881 2297 2058 2357 Einnahmsquelle
2067 2294 2142 2354 werden

1451 2333 1504 2393 Sie
1513 2332 1584 2392 würde
1606 2330 1699 2390 allmälig
1713 2327 1766 2387 einen
1784 2327 1846 2387 Theil
1855 2327 1890 2387 der
1908 2325 2010 2385 Auslagen
2028 2324 2063 2384 der
2081 2321 2152 2381 großen

1454 2360 1520 2420 Oper
1524 2360 1604 2420 decken,
1613 2360 1684 2420 welche
1698 2357 1749 2417 sonst
1763 2357 1787 2417 an
1801 2357 1857 2417 ihrem
1876 2355 1951 2415 Defleit
1960 2354 1984 2414 zu
1998 2354 2077 2414 ersticken
2091 2351 2152 2411 droht

1445 2388 1502 2448 Die
1507 2390 1613 2450 Komische
1626 2387 1688 2447 Oper
1697 2387 1790 2447 braucht,
1812 2385 1839 2445 um
1870 2384 1901 2444 ein
1918 2381 2033 2441 zahlreiches
2046 2381 2144 2441 Publicum

1455 2420 1566 2480 anhaltend
1581 2417 1601 2477 zu
1617 2417 1698 2477 fesseln,
1713 2416 1804 2476 mehrere
1819 2413 1890 2473 Kräfte
1895 2411 1961 2471 ersten
1981 2411 2077 2471 Ranges,
2098 2410 2153 2470 deren

1454 2448 1599 2508 Engagement
1608 2444 1664 2504 eben
1683 2443 1725 2503 das
1739 2443 1823 2503 Budget
1837 2441 1893 2501 eines
1907 2440 2080 2500 Privatdirectors
2089 2436 2150 2496 über¬

1453 2476 1524 2536 steigt.
1542 2476 1591 2536 Das
1604 2473 1786 2533 Hofoperntheater
1799 2470 1884 2530 besoldet
1897 2470 1928 2530 ein
1941 2468 1964 2528 so
1977 2467 2092 2527 zahlreiches
2110 2464 2159 2524 Per¬

1453 2506 1528 2566 sonal,
1528 2505 1573 2565 daß
1581 2503 1617 2563 ein
1635 2500 1701 2560 Theil
1710 2500 1781 2560 davon,
1790 2500 1834 2560 der
1843 2498 1900 2558 sonst
1909 2497 2055 2557 unbeschäftigt
2060 2494 2153 2554 spazieren

1453 2534 1517 2594 geht,
1530 2533 1599 2593 leicht
1617 2532 1643 2592 an
1668 2530 1746 2590 einigen
1763 2529 1858 2589 Abenden
1880 2527 1901 2587 in
1923 2527 1962 2587 der
1974 2527 2082 2587 Komischen
2100 2524 2160 2584 Oper

1458 2563 1521 2623 singen
1536 2562 1623 2622 könnte,
1642 2560 1681 2620 bei
1681 2560 1835 2620 zweckmäßiger
1845 2557 2009 2617 Verminderung
2014 2554 2057 2614 der
2067 2554 2159 2614 Vorstel¬

1454 2593 1545 2653 lungen.
1565 2590 1622 2650 Auch
1636 2590 1684 2650 jetzt
1703 2587 1756 2647 schon
1771 2587 1814 2647 sind
1828 2584 1862 2644 die
1871 2584 1895 2644 so
1910 2584 1953 2644 hoch
1967 2584 2068 2644 bezahlten
2082 2581 2149 2641 Kräfte

1454 2620 1497 2680 der
1510 2620 1579 2680 großen
1596 2620 1657 2680 Oper
1670 2617 1721 2677 nicht
1734 2614 1855 2674 hinreichend
1868 2614 1959 2674 benützt;
1976 2614 1998 2674 so
2015 2614 2037 2674 z.
2045 2611 2080 2671 B.
2093 2611 2162 2671 unsere

1453 2649 1503 2709 vier
1515 2649 1574 2709 ersten
1586 2646 1711 2706 Tenoristen,
1719 2643 1778 2703 deren
1794 2643 1845 2703 jedem
1870 2643 1899 2703 ein
1915 2641 2040 2701 achtmaliges
2053 2641 2153 2701 Auftreten

1454 2679 1478 2739 im
1502 2676 1584 2736 Monat
1594 2674 1699 2734 garantirt
1709 2673 1747 2733 und
1762 2673 1844 2733 bezahlt
1853 2670 1916 2730 wird,
1925 2670 2007 2730 obgleich
2021 2667 2055 2727 die
2065 2667 2161 2727 wirklich¬

1453 2706 1566 2766 Erfüllung
1581 2703 1642 2763 dieser
1651 2703 1830 2763 Contractspflicht
1840 2700 1887 2760 eine
1892 2700 2043 2760 Unmöglichkeit
2057 2697 2090 2757 ist.
2099 2696 2160 2756 Denn

1453 2736 1526 2796 damit
1535 2734 1591 2794 jeder
1604 2732 1664 2792 dieser
1677 2730 1720 2790 vier
1733 2731 1849 2791 Tenoristen
1867 2729 1953 2789 achtmal
1957 2727 1983 2787 im
2005 2727 2082 2787 Monat
2091 2724 2164 2784 fänge,

1453 2763 1533 2823 müßte
1542 2763 1577 2823 der
1592 2763 1676 2823 Monat
1686 2763 1716 2823 32
1730 2760 1790 2820 Tage
1800 2757 1869 2817 haben
1894 2757 1938 2817 und
1948 2757 1987 2817 nie
1997 2754 2027 2814 ein
2042 2754 2116 2814 Ballet
2126 2752 2146 2812 ge

1455 2793 1522 2853 geben
1533 2793 1626 2853 werden.
1637 2790 1673 2850 Es
1684 2790 1730 2850 sind
1741 2789 1782 2849 das
1793 2787 1886 2847 thörichte
1897 2787 2022 2847 Contracte,
2027 2784 2105 2844 gewiß,
2105 2780 2162 2840 aber

1454 2821 1506 2881 man
1529 2820 1572 2880 hat
1586 2820 1619 2880 sie
1633 2820 1712 2880 einmal
1731 2819 1820 2879 gemacht
1839 2816 1881 2876 und
1900 2814 1971 2874 macht
1980 2813 2008 2873 sie
2022 2811 2065 2871 noch
2079 2811 2163 2871 immer.

1453 2849 1541 2909 Könnte
1550 2849 1603 2909 nicht
1608 2847 1669 2907 Herr
1683 2847 1797 2907 Walter
1815 2844 1837 2904 in
1850 2844 1908 2904 einer
1912 2843 1983 2903 seiner
1987 2841 2155 2901 unbeschäftigten

1454 2879 1544 2939 Wochen
1560 2878 1607 2938 ganz
1623 2876 1660 2936 gut
1660 2876 1692 2936 in
1702 2876 1739 2936 der
1755 2873 1861 2933 Komischen
1866 2872 1930 2932 Oper
1945 2870 1982 2930 den
1993 2867 2072 2927 George
2078 2866 2157 2926 Brown

1454 2907 1514 2967 oder
1525 2906 1633 2966 Belmonte
1644 2906 1725 2966 singen,
1736 2902 1801 2962 Herr
1812 2900 1932 2960 Müller
1937 2897 1981 2957 den
1997 2897 2095 2957 Postillon
2111 2895 2160 2955 oder

1455 2936 1558 2996 Knappen
1558 2934 1646 2994 Georg,
1651 2932 1708 2992 Herr
1718 2932 1826 2992 Labatt
1837 2930 1873 2990 den
1883 2929 1925 2989 Fra
1935 2927 2023 2987 Diavolo
2028 2924 2049 2984 —
2069 2924 2162 2984 Rollen,

1455 2966 1493 3026 die
1504 2966 1536 3026 sie
1536 2966 1569 3026 im
1591 2963 1770 3023 Hofoperntheater
1781 2960 1803 3020 zu
1819 2957 1884 3017 leisten
1895 2957 1982 3017 haben?
1999 2954 2102 3014 Aehnlich
2118 2951 2162 3011 ver¬

1462 2996 1505 3056 hält
1516 2990 1538 3050 es
1560 2990 1598 3050 sich
1614 2990 1658 3050 mit
1674 2990 1712 3050 den
1728 2987 1870 3047 Beherrschern
1892 2984 1930 3044 des
1946 2984 2044 3044 Sopran=
2055 2981 2104 3041 und
2109 2979 2158 3039 des

1462 3025 1614 3085 Baßschlüssels.
1614 3020 1716 3080 Fräulein
1731 3017 1879 3077 Tagliana
1894 3014 1935 3074 hat
1945 3014 1986 3074 das
1996 3011 2047 3071 Licht
2057 3010 2083 3070 zu
2098 3009 2149 3069 einem

1455 3050 1529 3110 Stern
1535 3050 1566 3110 in
1577 3050 1620 3110 der
1630 3050 1742 3110 Komischen
1752 3044 1827 3104 Oper,
1837 3044 1875 3104 wie
1880 3044 1960 3104 vordem
1976 3041 2071 3101 Minnie
2082 3040 2140 3100 Haus

1454 3080 1495 3140 die
1506 3078 1570 3138 spiel=
1587 3076 1628 3136 und
1645 3073 1807 3133 redegewandten
1819 3073 1963 3133 Sängerinnen
1975 3067 2102 3127 Dillner
2113 3064 2154 3124 und

1454 3107 1589 3167 Gindele
1599 3106 1682 3166 fänden,
1703 3103 1729 3163 da
1745 3103 1776 3163 ein
1791 3102 1900 3162 ergiebiges
1906 3097 1963 3157 Feld
1973 3097 2020 3157 für
2035 3095 2067 3155 ihr
2077 3093 2165 3153 Talent¬

1459 3136 1511 3196 Und
1517 3135 1714 3195 Rokitansky
1726 3131 1772 3191 als
1790 3127 1970 3187 Waffenschmied,
1987 3124 2103 3184 Scaria
2120 3119 2161 3179 als

1456 3166 1565 3226 Falstaff,
1578 3162 1785 3222 Mayerhofer
1791 3159 1836 3219 als
1849 3157 1920 3217 Bion
1926 3154 1946 3214 —
1965 3154 2004 3214 zu
2004 3153 2094 3213 welcher
2107 3147 2165 3207 Wir¬

1455 3194 1514 3254 kung
1514 3193 1612 3253 brüchten
1625 3190 1657 3250 sie
1670 3189 1697 3249 am
1716 3187 1860 3247 Schottenring
1866 3185 1912 3245 die
1925 3184 2062 3244 Spielopern,
2069 3180 2114 3240 die
2127 3177 2153 3237 in

1460 3223 1491 3283 den
1503 3223 1578 3283 Hallen
1590 3220 1640 3280 des
1646 3218 1721 3278 neuen
1746 3217 1895 3277 Opernhauses
1908 3214 1945 3274 sich
1964 3210 2094 3270 unscheinbar
2107 3205 2144 3265 der

1455 3251 1537 3311 lieren!
1537 3249 1613 3309 Diese
1626 3247 1663 3307 und
1676 3247 1752 3307 andere
1765 3247 1803 3307 für
1815 3244 1847 3304 die
1853 3241 1961 3301 Spieloper
1973 3241 2062 3301 begabte
2068 3234 2150 3294 Künste

1840 3273 1890 3333 rc.)
1895 3270 1975 3330 denken
1985 3267 2026 3327 wir
2031 3264 2071 3324 uns
2071 3261 2146 3321 abwech
1458 3279 1530 3339 (Pirk,
1538 3276 1662 3336 Neumann,
1670 3276 1726 3336 Lay,
1734 3273 1818 3333 Hablaw

1460 3309 1508 3369 selnd
1508 3306 1536 3366 in
1549 3306 1584 3366 der
1590 3306 1700 3366 Komischen
1714 3303 1768 3363 Oper
1782 3300 1892 3360 verwendet,
1912 3297 1953 3357 aus
1953 3294 2022 3354 deren
2035 3291 2145 3351 bisherigem

1463 3336 1559 3396 Personal
1572 3333 1606 3393 die
1613 3333 1675 3393 besten
1688 3331 1763 3391 Kräfte
1770 3330 1906 3390 beizubehalten
1920 3326 1961 3386 und
1975 3322 2043 3382 wieder
2056 3318 2152 3378 ihrerseite

1445 3365 1608 3425 aushilfsweise
1620 3363 1643 3423 in
1655 3363 1696 3423 der
1707 3361 1777 3421 großen
1795 3360 1853 3420 Oper
1865 3358 1888 3418 zu
1905 3355 2028 3415 beschäftigen
2045 3350 2121 3410 wären.
