2479 3508
77 2259 737 2311 Zwei Sätze stehen bei jedem Theaterkenner längst außer
7 2291 736 2343 Frage. Erstens, daß unser Hofoperntheater sich vollständig
5 2306 62 2366 nur
69 2307 112 2367 für
126 2309 187 2369 große
194 2309 265 2369 Opern
283 2309 322 2369 und
336 2309 418 2369 Ballete
432 2309 514 2369 eignet;
525 2310 632 2370 zweitens,
642 2309 682 2369 daß
692 2312 717 2372 das

5 2336 101 2396 tägliche
119 2336 201 2396 Spielen
219 2339 304 2399 daselbst
315 2339 352 2399 vom
374 2339 481 2399 Nachtheil
492 2339 529 2399 ist.
536 2341 580 2401 Die
591 2339 643 2399 erste
654 2339 720 2399 Wahr¬

6 2359 63 2419 heit
71 2366 156 2426 erprobt
168 2366 201 2426 sich
217 2366 246 2426 an
262 2368 315 2428 jedem
339 2369 425 2429 Versuch
441 2369 490 2429 aufs
502 2369 571 2429 neue;
579 2369 608 2429 sie
620 2369 664 2429 war
677 2369 717 2429 aus

5 2393 96 2453 bereits
111 2396 194 2456 officiell
206 2396 264 2456 durch
280 2396 312 2456 die
323 2396 433 2456 Thatsache
445 2398 567 2458 anerkannt,
590 2396 629 2456 daß
645 2398 724 2458 Herbe¬

7 2422 110 2482 anfangs
128 2423 160 2483 die
171 2426 295 2486 Spielopern
313 2426 334 2486 im
355 2426 412 2486 alten
423 2428 675 2488 Kärntnerthor=Theater
682 2428 718 2488 ga¬

5 2449 53 2509 bis
70 2452 132 2512 dieses
142 2452 183 2512 der
197 2453 331 2513 Vernichtung
344 2455 468 2515 anheimfiel.
478 2455 543 2515 Wenn
560 2455 595 2515 das
612 2455 673 2515 ganze
680 2455 704 2515 Re

11 2480 101 2540 pertoire
115 2482 150 2542 des
167 2482 305 2542 musikalischen
326 2482 444 2542 Lustspiels,
468 2482 510 2542 mit
531 2485 565 2545 den
583 2485 666 2545 Kräften
690 2482 725 2542 des

5 2511 214 2571 Hofoperntheaters
228 2512 300 2572 besetzt,
321 2512 341 2572 in
365 2512 396 2572 die
410 2512 509 2572 Komische
523 2512 581 2572 Oper
592 2512 715 2572 übersiedelte

13 2539 40 2599 so
54 2537 137 2597 würden
154 2539 205 2599 diese
215 2541 288 2601 Opern
301 2540 360 2600 nicht
373 2542 411 2602 nur
425 2542 511 2602 ungleich
531 2542 631 2602 günstiger
648 2542 717 2602 wirken

12 2569 49 2629 sie
61 2568 144 2628 würden
160 2571 210 2631 auch
218 2571 284 2631 mehr
296 2572 412 2632 eintragen.
405 2579 462 2639 Der
470 2572 515 2632 weit
523 2569 584 2629 bessere
597 2572 654 2632 Effect
662 2572 711 2632 eines

8 2600 79 2660 „Fra
97 2598 217 2658 Diabolo",
235 2599 409 2659 „Waffenschmied
401 2582 406 2642 "
426 2589 461 2649 rc.
476 2599 506 2659 im
531 2599 621 2659 kleineren
651 2600 701 2660 Raum

5 2623 60 2683 und
77 2626 111 2686 der
128 2626 190 2686 Trieb
204 2626 248 2686 nach
265 2626 409 2686 Abwechslung
426 2629 505 2689 müßten
526 2629 588 2689 diesen
598 2628 673 2688 Opern
690 2628 714 2688 am

5 2653 161 2713 Schottenring
169 2654 233 2714 mehr
252 2655 351 2715 Besucher
370 2655 481 2715 zuführen,
507 2655 541 2715 als
557 2658 587 2718 sie
598 2658 633 2718 bei
644 2658 724 2718 gleicher

6 2684 124 2744 Besetzung
136 2685 258 2745 thatsächlich
275 2685 295 2745 im
315 2686 495 2746 Hofoperntheater
507 2685 617 2745 vorfinden.

61 2715 106 2775 Um
130 2715 168 2775 das
185 2718 299 2778 Alterniren
313 2718 351 2778 den
365 2718 551 2778 Hofopernsängern
558 2721 600 2781 auf
614 2721 662 2781 zwei
669 2718 717 2778 Büh¬

7 2747 56 2807 nen
73 2745 93 2805 zu
106 2745 235 2805 erleichtern,
245 2748 315 2808 müßte
328 2748 361 2808 die
378 2750 434 2810 Zahl
444 2748 477 2808 der
494 2749 646 2809 Vorstellungen
656 2751 676 2811 in
692 2747 716 2807 der

11 2776 90 2836 großen
110 2775 166 2835 Oper
182 2775 275 2835 reducirt
291 2775 380 2835 werden.
410 2775 473 2835 Ueber
496 2775 532 2835 das
555 2778 710 2838 Unzweckmäßig

5 2805 111 2865 täglicher
124 2805 340 2865 Opernvorstellungen
354 2805 447 2865 herrscht
456 2805 506 2865 kaum
536 2808 593 2868 mehr
613 2808 656 2868 eine
672 2805 719 2865 Mei

5 2832 264 2892 nungsverschiedenheit;
283 2832 318 2892 die
329 2833 402 2893 Große
413 2835 470 2895 Oper
485 2835 504 2895 in
520 2835 585 2895 Paris
604 2835 649 2895 gibt
661 2835 714 2895 hierin

5 2864 44 2924 ein
64 2861 279 2921 nachahmenswerthes
299 2861 398 2921 Beispiel,
418 2861 458 2921 und
481 2863 600 2923 thatsächlich
616 2864 689 2924 kommt
696 2861 722 2921 e¬

5 2890 55 2950 auf
68 2890 157 2950 dasselbe
171 2891 257 2951 heraus,
283 2891 340 2951 wenn
369 2891 399 2951 die
413 2891 532 2951 Hofbühnen
555 2891 598 2951 von
625 2894 704 2954 Dresden

7 2918 130 2978 München,
141 2920 257 2980 Stuttgart
268 2918 309 2978 nur
322 2918 370 2978 zwei
384 2918 463 2978 Abende
480 2921 600 2981 wöchentlich
617 2921 651 2981 der
665 2921 713 2981 Ope¬

13 2948 145 3008 einräumen.
155 2948 204 3008 Das
221 2948 320 3008 Publicum
343 2950 422 3010 strömt
442 2948 495 3008 dann
518 2950 557 3010 mit
577 2951 712 3011 verdoppelten

5 2975 73 3035 Eifer
87 2978 166 3038 hinein,
191 2975 223 3035 die
237 2978 390 3038 Vorstellungen
408 2977 451 3037 sind
465 2976 533 3036 besser
554 2978 683 3038 vorbereitet,
693 2980 715 3040 die

7 3005 103 3065 Sänger
114 3007 199 3067 frischer
214 3005 247 3065 an
269 3005 332 3065 Geist
354 3007 395 3067 und
417 3007 509 3067 Körper.
528 3007 583 3067 Wie
601 3008 672 3068 schlaff
683 3008 708 3068 un

3 3034 121 3094 nachlässig
157 3034 196 3094 hat
228 3035 357 3095 übermäßige
393 3041 511 3101 Abnützung
550 3036 586 3096 bei
613 3035 656 3095 uns

159 3064 231 3124 von
254 3064 361 3124 Wilhelm
392 3059 468 3119 Tell",
480 3064 591 3124 „Faust",
602 3064 702 3124 „Prophe
7 3061 173 3121 Aufführungen

5 3091 169 3151 „Hugenotten"
197 3090 231 3150 rc.
252 3093 365 3153 gemacht!
389 3091 475 3151 Richard
495 3092 622 3152 Wagner
643 3094 680 3154 hat
697 3094 711 3154 in

7 3118 72 3178 einem
97 3118 129 3178 an
158 3119 193 3179 den
211 3121 322 3181 Redacteur
337 3121 433 3181 Friedrich
451 3121 498 3181 Uhl
512 3121 630 3181 gerichteten

5 3149 109 3209 schreiben
127 3147 205 3207 „Ueber
216 3147 260 3207 das
275 3149 356 3209 Wiener
371 3151 567 3211 Hofoperntheater"
581 3148 640 3208 (186

6 3170 58 3230 mit
70 3177 179 3237 ebensoviel
192 3178 313 3238 Scharfsinn
329 3178 362 3238 als
378 3181 544 3241 Entschiedenheit
564 3181 653 3241 darüber
669 3181 709 3241 aus

7 3205 141 3265 gesprochen.
151 3205 182 3265 Er
196 3206 254 3266 sagt:
268 3208 330 3268 „Vom
350 3208 412 3268 ersten
429 3209 553 3269 Functionär
570 3206 604 3266 bis
621 3210 656 3270 zum
680 3211 714 3271 letz

11 3235 45 3295 ten
62 3235 192 3295 Angestellten
216 3235 278 3295 herab
299 3235 350 3295 weiß
374 3237 412 3297 das
439 3238 549 3298 gesammte
562 3241 662 3301 Personal
679 3238 717 3298 des

11 3264 193 3324 Operntheaters,
203 3263 241 3323 daß
258 3262 293 3322 der
307 3264 386 3324 Grund
399 3264 451 3324 aller
461 3264 554 3324 Röthen,
564 3266 719 3326 Verwirrungen

5 3291 57 3351 und
75 3292 290 3352 Mangelhaftigkeiten
304 3291 323 3351 in
341 3292 374 3352 den
393 3294 548 3354 Vorstellungen
570 3294 670 3354 desselben
681 3297 707 3357 fas

5 3319 80 3379 einzig
92 3321 116 3381 in
131 3321 167 3381 der
179 3319 367 3379 Nöthigung,
375 3321 458 3381 jeden
474 3322 533 3382 Tag
552 3324 580 3384 zu
592 3324 702 3384 spielen

6 3351 76 3411 liegt,
85 3351 126 3411 und
134 3353 205 3413 Jeder
222 3354 305 3414 begreift
317 3354 355 3414 auf
367 3354 405 3414 der
421 3354 492 3414 Stelle,
508 3354 546 3414 daß
563 3354 592 3414 ein
608 3354 762 3414 allergröß¬ich
787 3354 874 3414 vermag
887 3357 920 3417 die
928 3357 1045 3417 finanzielle
1061 3357 1124 3417 Seite
1140 3357 1202 3417 dieses
1223 3360 1352 3420 Vorschlages
1381 3357 1443 3417 aller¬
1535 3354 1622 3414 p.

65 2252 138 2312 Zwei
149 2250 211 2310 Sätze
226 2252 284 2312 stehen
306 2252 336 2312 bei
346 2252 401 2312 jedem
423 2252 580 2312 Theaterkenner
591 2253 657 2313 längst
657 2250 781 2310 außerter
796 2253 858 2313 Theil
869 2255 931 2315 dieser
946 2255 1077 2315 Calamitäten
1095 2255 1231 2315 verschwinden
1249 2255 1326 2315 würde,
1337 2256 1391 2316 wenn
1402 2258 1443 2318 diese

13 2280 97 2340 Frage.
115 2279 218 2339 Erstens,
236 2281 272 2341 daß
287 2281 345 2341 unser
360 2282 539 2342 Hofoperntheater
550 2282 590 2342 sich
605 2282 721 2342 vollständig
743 2283 900 2343 Vorstellungen
919 2285 966 2345 etwa
988 2285 1024 2345 um
1061 2282 1108 2342 die
1134 2282 1240 2342 Hälfte
1265 2285 1430 2345 verminder

745 2324 1458 2367 würden. Wenn in Paris das Théâtre Français und in
733 2340 804 2400 Wien
824 2342 859 2402 das
875 2342 1013 2402 Burgtheater
1029 2342 1064 2402 der
1076 2342 1206 2402 Forderung,
1229 2342 1300 2402 täglich
1324 2344 1343 2404 zu
1371 2345 1438 2405 spielen

737 2368 848 2428 erträglich
878 2369 922 2429 und
944 2371 996 2431 ohne
1003 2372 1029 2432 zu
1047 2371 1099 2431 stark
1110 2372 1232 2432 ersichtlichen
1254 2372 1343 2432 Schaden
1358 2372 1394 2432 für
1406 2374 1442 2434 ihre

733 2398 858 2458 Leistungen
876 2399 1008 2459 nachkommen
1025 2399 1114 2459 können,
1136 2399 1157 2459 so
1175 2399 1225 2459 liegt
1239 2399 1275 2459 der
1289 2402 1360 2462 Grund
1378 2402 1435 2462 hievor

733 2427 818 2487 darin,
843 2427 880 2487 daß
891 2429 972 2489 erstens
987 2429 1020 2489 dem
1045 2429 1174 2489 recitirenden
1192 2429 1273 2489 Drama
1288 2430 1332 2490 eine
1343 2432 1442 2492 unendlich

735 2470 1449 2512 größere Anzahl von Stücken, selbst von guten und vorzüg¬
745 2502 1457 2538 lichsten Stücken, zu Gebote steht, als einem Operntheater;
745 2529 1449 2567 daß zweitens diese Stücke in genau geschiedene Genres sich
739 2542 826 2602 theilen,
843 2542 888 2602 und
912 2542 950 2602 daß
974 2545 1061 2605 drittens
1078 2542 1110 2602 die
1123 2543 1234 2603 Leistungen
1252 2545 1304 2605 eines
1321 2548 1439 2608 Schauspiel

737 2572 841 2632 personals
865 2572 903 2632 zum
938 2572 1011 2632 großen
1028 2572 1091 2632 Theil
1111 2570 1149 2630 auf
1174 2571 1208 2631 dem
1233 2575 1385 2635 Privatstudium
1413 2575 1434 2635 der

739 2599 840 2659 Einzelnen
857 2601 955 2661 beruhen,
969 2599 1003 2659 der
1017 2602 1125 2662 einfachere
1139 2600 1233 2660 Hergang
1244 2602 1303 2662 einer
1317 2605 1432 2665 Schauspiel

743 2644 1450 2684 vorstellung aber verhältnißmäßig weniger Ensemble-Proben
740 2677 1451 2713 benöthigt. Ganz anders aber verhält es sich bei einem Opern¬
739 2688 825 2748 theater,
849 2688 965 2748 namentlich
989 2687 1045 2747 wenn
1069 2685 1089 2745 es
1115 2685 1152 2745 das
1168 2686 1288 2746 sogenannte
1302 2688 1365 2748 große
1378 2689 1445 2749 Genre

733 2715 886 2775 repräsentiren
904 2715 954 2775 soll;
968 2715 1014 2775 und
1029 2715 1082 2775 ganz
1096 2713 1161 2773 richtig
1178 2715 1214 2775 hat
1228 2716 1310 2776 dagegen
1332 2718 1360 2778 die
1374 2719 1435 2779 Groß

737 2742 795 2802 Oper
809 2742 831 2802 in
845 2744 910 2804 Paris
920 2742 974 2802 (wie
989 2745 1036 2805 auch
1050 2742 1072 2802 in
1086 2742 1176 2802 Berlin)
1183 2745 1226 2805 blos
1251 2745 1298 2805 drei
1320 2747 1352 2807 bis
1363 2748 1435 2808 vierma

733 2772 776 2832 die
790 2772 862 2832 Woche
872 2772 890 2832 zu
904 2775 986 2835 spielen,
990 2775 1061 2835 wobei
1076 2773 1111 2833 das
1126 2773 1311 2833 Gesangspersonal
1311 2775 1390 2835 immer
1400 2777 1429 2837 no¬

739 2802 777 2862 mit
791 2802 825 2862 dem
853 2802 1015 2862 Balletpersonal
1029 2802 1064 2862 für
1078 2802 1140 2862 ganze
1150 2803 1299 2863 Vorstellungen
1313 2807 1434 2867 abwechselt.

788 2832 840 2892 Das
848 2835 1037 2895 Hofoperntheater
1049 2835 1109 2895 thäte
1118 2835 1178 2895 wohl
1198 2836 1274 2896 daran,
1299 2838 1347 2898 nach
1375 2839 1435 2899 diesem

737 2864 833 2924 Beispiel
844 2862 888 2922 auch
895 2864 936 2924 nur
950 2864 1005 2924 vier,
1009 2864 1112 2924 höchstens
1129 2864 1177 2924 fünf
1177 2866 1329 2926 Vorstellungen
1339 2867 1435 2927 (worunte

733 2889 792 2949 zwei
804 2891 906 2951 Ballete)
918 2894 1043 2954 wöchentlich
1067 2892 1090 2952 zu
1114 2893 1189 2953 geben.
1212 2894 1259 2954 Der
1287 2897 1428 2957 voraussichtlich

733 2921 781 2981 viel
791 2921 877 2981 größere
891 2920 963 2980 Besuch
987 2921 1021 2981 bei
1035 2921 1183 2981 verminderten
1214 2921 1344 2981 Tageskosten
1375 2927 1433 2987 würd

737 2951 785 3011 kaum
809 2951 864 3011 einen
882 2951 1002 3011 finanziellen
1020 2953 1126 3013 Nachtheil
1137 2951 1264 3011 aufkommen
1295 2954 1368 3014 lassen,
1395 2954 1423 3014 den

737 2980 782 3040 leere
799 2978 886 3038 Häuser,
900 2980 938 3040 wie
952 2981 990 3041 wir
1004 2981 1031 3041 sie
1045 2978 1090 3038 jetzt
1101 2978 1121 3038 so
1135 2978 1170 3038 oft
1184 2981 1277 3041 erleben,
1302 2983 1381 3043 bringen
1409 2983 1433 3043 de

739 3008 789 3068 Kasse
807 3008 872 3068 keinen
893 3008 972 3068 Segen.
983 3008 1026 3068 Die
1037 3011 1144 3071 trefflichen
1162 3011 1281 3071 Vorschläge
1295 3011 1327 3071 R.
1334 3013 1424 3073 Wagner

737 3038 890 3098 unterschreiben
908 3038 947 3098 wir
958 3038 1090 3098 vollständig,
1101 3038 1140 3098 nur
1154 3038 1197 3098 mit
1208 3038 1243 3098 dem
1272 3039 1432 3099 Hintergedanken

727 3064 777 3124 daß
792 3065 826 3125 die
838 3067 925 3127 Sänger
940 3067 971 3127 die
986 3067 1066 3127 dadurch
1081 3067 1164 3127 reichlich
1187 3067 1309 3127 gewonnene
1324 3070 1377 3130 freie
1396 3070 1434 3130 Zei¬

733 3093 791 3153 nicht
805 3092 843 3152 blos
867 3094 901 3154 zum
928 3097 1018 3157 Studium
1045 3096 1189 3156 Wagner'scher
1199 3097 1333 3157 Partituren,
1354 3097 1429 3157 sonder

733 3126 774 3186 zur
788 3124 922 3184 Mitwirkung
935 3121 956 3181 in
973 3124 1007 3184 der
1021 3124 1131 3184 Komischen
1141 3122 1199 3182 Oper
1213 3124 1234 3184 zu
1251 3127 1360 3187 verwenden
1371 3127 1439 3187 hätten.

727 3151 785 3211 Wir
799 3154 871 3214 denken
888 3152 929 3212 uns
946 3151 977 3211 die
988 3154 1142 3214 Vorstellungen
1159 3152 1180 3212 in
1204 3154 1238 3214 der
1258 3154 1327 3214 großen
1354 3157 1396 3217 und
1420 3155 1433 3215 in

727 3178 773 3238 der
786 3181 899 3241 Komischen
915 3181 975 3241 Oper
988 3184 1126 3244 alternirend;
1150 3181 1189 3241 nur
1212 3181 1235 3241 an
1262 3183 1295 3243 den
1311 3184 1427 3244 erfahrungs

727 3209 806 3269 mäßig
830 3211 983 3271 einträglichsten
1011 3211 1156 3271 Theatertagen
1188 3211 1310 3271 (Sonntag,
1333 3214 1436 3274 Samstag

727 3238 837 3298 allenfalls
858 3240 901 3300 auch
919 3241 1061 3301 Donnerstag)
1072 3241 1143 3301 könnte
1157 3239 1196 3299 auf
1203 3241 1274 3301 beiden
1295 3244 1381 3304 Bühnen
1406 3244 1423 3304 zu

737 3269 793 3329 gleich
806 3267 893 3327 gespielt
906 3267 995 3327 werden,
1012 3267 1058 3327 was
1068 3267 1108 3327 bei
1118 3268 1154 3328 dem
1178 3267 1251 3327 großen
1277 3271 1377 3331 Personal
1403 3270 1426 3330 un

725 3294 779 3354 mit
789 3296 846 3356 Hilfe
861 3294 896 3354 der
910 3297 1124 3357 Balletvorstellungen
1135 3297 1253 3357 erreichbar
1267 3297 1285 3357 ist

792 3340 1451 3380 Und die Kosten? Ein so schwacher Rechenkünstler wie
742 3364 1452 3411 ich vermag die finanzielle Seite dieses Vorschlages aller¬
1462 2258 1525 2318 dings
1542 2261 1598 2321 nicht
1608 2258 1732 2318 hinreichend
1742 2258 1768 2318 zu
1785 2258 1911 2318 beleuchten;
1931 2258 1975 2318 auch
1995 2261 2078 2321 berührt
2091 2261 2131 2321 nur
2141 2261 2178 2321 die

1462 2287 1597 2347 künstlerische
1608 2285 1640 2345 die
1654 2285 1751 2345 Tendenz
1765 2285 1825 2345 dieser
1843 2287 1922 2347 Zeiten.
1947 2285 2011 2345 Ueber
2036 2287 2064 2347 die
2093 2289 2164 2349 Haupt¬

740 2311 840 2371 würden.
865 2312 929 2372 Wenn
949 2312 970 2372 in
986 2314 1050 2374 Paris
1075 2310 1115 2370 das
1123 2312 1216 2372 Théâtre
1228 2312 1333 2372 Français
1353 2314 1397 2374 und
1414 2315 1442 2375 in
1466 2315 1527 2375 sache
1539 2315 1587 2375 wird
1603 2315 1769 2375 glücklicherweise
1781 2315 1821 2375 kein
1837 2315 1906 2375 Streit
1922 2315 2003 2375 möglich
2019 2315 2076 2375 sein:
2096 2319 2136 2379 daß
2148 2319 2168 2379 zu

1456 2345 1529 2405 keiner
1542 2345 1592 2405 Zeit
1605 2345 1632 2405 ein
1652 2345 1725 2405 neues,
1735 2345 1814 2405 schönes
1831 2345 1871 2405 und
1881 2345 2080 2405 wohleingerichtetes
2090 2347 2173 2407 Theater

1456 2369 1506 2429 mit
1517 2372 1540 2432 so
1555 2374 1646 2434 geringen
1662 2375 1741 2435 Opfern
1757 2375 1779 2435 zu
1795 2375 1893 2435 erwerben
1912 2375 1969 2435 war,
1988 2375 2023 2435 als
2038 2378 2167 2438 gegenwärtig

1456 2402 1499 2462 die
1509 2402 1566 2462 durch
1584 2402 1616 2462 die
1631 2405 1801 2465 Zeitverhältnisse
1816 2405 1972 2465 hartbedrängte
1983 2403 2083 2463 Komische
2104 2405 2175 2465 Oper.

1460 2431 1517 2491 Wird
1533 2431 1584 2491 diese
1597 2432 1636 2492 vom
1661 2435 1776 2495 Hof=Aerar
1786 2435 1933 2495 übernommen
1952 2434 1990 2494 und
2006 2432 2048 2492 mit
2061 2433 2093 2493 dem
2118 2435 2153 2495 Hof

1458 2460 1596 2520 operntheater
1612 2461 1670 2521 unter
1686 2461 1818 2521 gemeinsame
1827 2461 1968 2521 Oberleitung
1978 2461 2052 2521 gestellt
2058 2461 2171 2521 (Herbeck's

1460 2486 1546 2546 Energie
1560 2488 1602 2548 und
1615 2491 1754 2551 Arbeitskraft
1767 2488 1826 2548 reicht
1840 2488 1881 2548 wol
1888 2488 1930 2548 für
1944 2491 1999 2551 beide
2013 2491 2075 2551 aus),
2085 2491 2106 2551 so
2120 2493 2168 2553 kann

1456 2518 1497 2578 der
1513 2518 1609 2578 Vortheil
1621 2520 1675 2580 einer
1685 2518 1730 2578 viel
1745 2518 1825 2578 besseren
1844 2518 1987 2578 Verwerthung
2007 2518 2038 2578 der
2054 2518 2169 2578 engagirten

1456 2547 1556 2607 Künstler
1576 2548 1611 2608 bei
1618 2548 1666 2608 nur
1683 2548 1821 2608 unbedeutend
1842 2546 1966 2606 vermehrten
1990 2548 2169 2608 Directionskosten

1460 2577 1513 2637 nicht
1536 2577 1670 2637 ausbleiben.
1700 2575 1756 2635 Was
1790 2575 1816 2635 ich
1846 2575 1893 2635 hier
1923 2575 1959 2635 den
1989 2578 2096 2638 Freunden
2136 2578 2163 2638 der

1462 2605 1518 2665 Oper
1541 2605 1568 2665 in
1598 2605 1664 2665 Kürze
1691 2603 1840 2663 vorgetragen,
1873 2605 1899 2665 ist
1926 2603 1966 2663 kein
1996 2603 2078 2663 fertiger
2108 2607 2171 2667 Plan,

1455 2647 2173 2686 sondern nur eine Anregung, welche von praktischen Theater-
739 2657 849 2717 benöthigt.
860 2655 922 2715 Ganz
937 2657 1010 2717 anders
1025 2656 1073 2716 aber
1084 2655 1164 2715 verhält
1175 2658 1201 2718 es
1208 2658 1241 2718 sich
1245 2658 1282 2718 bei
1289 2661 1337 2721 einem
1355 2661 1696 2721 Opern¬inanzmännern
1711 2661 1733 2721 in
1747 2661 1865 2721 Erwägung
1879 2661 1960 2721 gezogen
1986 2663 2022 2723 und
2033 2661 2107 2721 weiter
2121 2663 2162 2723 aus¬

1460 2691 1543 2751 geführt
1563 2691 1639 2751 werden
1667 2691 1739 2751 möge.
1763 2690 1798 2750 In
1822 2691 1905 2751 engeren
1922 2691 2001 2751 Kreisen
2025 2691 2060 2751 hat
2077 2691 2112 2751 der
2129 2690 2163 2750 Ge¬

1454 2719 1523 2779 danke
1543 2718 1590 2778 eine
1609 2719 1749 2779 überraschend
1775 2718 1874 2778 beifällige
1901 2721 2040 2781 Zustimmung
2063 2721 2159 2781 gefunden

1450 2745 1509 2805 Wir
1522 2747 1592 2807 wollen
1608 2748 1661 2808 nicht
1674 2745 1823 2805 verschweigen,
1836 2746 1873 2806 daß
1889 2747 1919 2807 ein
1929 2748 1955 2808 in
1972 2748 2107 2808 allerjüngster
2124 2750 2157 2810 Zei

1456 2778 1608 2838 aufgetauchtes
1635 2775 1727 2835 Gerücht
1741 2775 1827 2835 unseren
1853 2775 1959 2835 Vorschlag
1982 2775 2006 2835 zu
2032 2778 2165 2838 durchkreuzen

1462 2805 1545 2865 scheint:
1565 2804 1603 2864 die
1617 2805 1737 2865 Nachricht,
1758 2803 1778 2863 es
1796 2802 1823 2862 sei
1837 2802 1868 2862 die
1882 2805 1981 2865 Komische
1995 2805 2054 2865 Oper
2071 2808 2109 2868 zur
2123 2808 2171 2868 pro¬

1456 2835 1571 2895 visorischen
1591 2833 1667 2893 Stätte
1684 2832 1717 2892 des
1733 2832 1901 2892 Hofschauspieles
1921 2833 2050 2893 ausersehen,
2076 2835 2109 2895 bis
2132 2835 2165 2895 zur

1450 2864 1589 2924 Vollendung
1608 2862 1641 2922 des
1658 2860 1717 2920 neuen
1731 2861 1896 2921 Burgtheaters.
1902 2859 1952 2919 Dem
1978 2862 2058 2922 Wiener
2071 2861 2170 2921 Theater¬

1454 2891 1560 2951 Publicum
1586 2891 1639 2951 wäre
1653 2890 1765 2950 allerdings
1782 2888 1825 2948 auch
1838 2888 1884 2948 mit
1891 2891 1957 2951 dieser
1974 2894 2123 2954 Uebersiedlung
2139 2893 2166 2953 ein

1454 2921 1583 2981 erfreuliches
1600 2920 1699 2980 Geschenk
1713 2918 1859 2978 dargebracht,
1882 2920 1932 2980 denn
1952 2921 1985 2981 der
2001 2920 2108 2980 Gedanke,
2124 2921 2167 2981 noch

1454 2948 1526 3008 einige
1540 2948 1609 3008 Jahre
1622 2948 1649 3008 an
1665 2948 1705 3008 das
1718 2948 1807 3008 finstere,
1814 2948 1867 3008 enge
1883 2948 1920 3008 und
1936 2948 2108 3008 feuergefährliche
2118 2948 2167 3008 Ver¬

1456 2978 1499 3038 ließ
1515 2978 1539 3038 am
1565 2978 1728 3038 Michaelerplatz
1734 2975 1830 3035 gebannt
1840 2976 1860 3036 zu
1880 2978 1930 3038 sein,
1940 2980 1999 3040 wirkt
2006 2978 2172 3038 niederdrückend.

1450 3005 1507 3065 Vom
1532 3005 1677 3065 Standpunkte
1688 3002 1724 3062 des
1741 3005 1869 3065 Hof=Aerars
1880 3005 1933 3065 mag
1948 3007 1969 3067 es
1990 3005 2026 3065 sich
2047 3005 2164 3065 empfehlen,

1450 3035 1519 3095 durch
1536 3035 1594 3095 diesen
1611 3034 1694 3094 Ankauf
1718 3034 1776 3094 unter
1794 3034 1852 3094 allen
1876 3036 1993 3096 Umständen
2017 3034 2055 3094 Ein
2079 3036 2168 3096 Theater

1450 3063 1522 3123 außer
1546 3061 1677 3121 Concurrenz
1701 3063 1725 3123 zu
1756 3061 1831 3121 stellen.
1852 3064 1914 3124 Aber
1934 3064 1965 3124 die
1986 3061 2103 3121 Benützung
2134 3067 2168 3127 der

1454 3090 1572 3150 Komischen
1586 3090 1649 3150 Oper
1667 3090 1708 3150 für
1730 3091 1766 3151 das
1792 3094 1913 3154 Schauspiel
1924 3091 1987 3151 wäre
2009 3089 2049 3149 doch
2068 3091 2108 3151 nur
2123 3094 2167 3154 eine

1450 3121 1632 3181 vorübergehende
1649 3121 1688 3181 und
1702 3121 1751 3181 kann
1771 3121 1827 3181 unser
1841 3121 1861 3181 im
1887 3121 1986 3181 Interesse
2003 3121 2036 3181 der
2056 3121 2116 3181 Oper
2135 3123 2162 3183 ge¬

1454 3149 1530 3209 hegtes
1540 3148 1630 3208 Project
1640 3148 1681 3208 nur
1702 3152 1833 3212 aufschieben,
1850 3151 1905 3211 nicht
1922 3148 2032 3208 aufheben.
2057 3149 2105 3209 Mit
2125 3151 2160 3211 dem

1454 3177 1653 3237 Eröffnungsabend
1670 3178 1703 3238 des
1719 3181 1782 3241 neuen
1799 3178 1948 3238 Burgtheaters
1965 3178 2035 3238 stünde
2054 3179 2091 3239 das
2108 3181 2167 3241 Haus

1454 3207 1493 3267 der
1510 3207 1619 3267 Komischen
1635 3205 1692 3265 Oper
1715 3210 1787 3270 wieder
1807 3208 1863 3268 frei,
1883 3205 1929 3265 und
1946 3205 2002 3265 dann
2029 3211 2105 3271 wüßten
2128 3210 2167 3270 wir

1454 3235 1564 3295 demselben
1583 3235 1638 3295 keine
1645 3238 1730 3298 schönere
1737 3236 1888 3296 Bestimmung,
1899 3235 1962 3295 keinen
1980 3240 2064 3300 besseren
2076 3239 2167 3299 Wunsch,

1454 3261 1490 3321 als
1507 3264 1546 3324 daß
1559 3264 1583 3324 es
1599 3264 1658 3324 unter
1668 3267 1814 3327 gemeinsamer
1827 3264 1906 3324 Leitung
1919 3265 1965 3325 mit
1985 3267 2021 3327 dem
2054 3267 2167 3327 Hofopern¬

1450 3292 1535 3352 theater
1557 3293 1620 3353 seiner
1645 3297 1801 3357 ursprünglichen
1826 3293 1911 3353 Mission
1943 3294 2092 3354 zurückgegeben
2124 3294 2163 3354 und

785 3324 838 3384 Und
856 3324 887 3384 die
898 3324 990 3384 Kosten?
1014 3324 1057 3384 Ein
1078 3325 1096 3385 so
1113 3327 1212 3387 schwacher
1223 3327 1385 3387 Rechenkünstler
1399 3327 1438 3387 wie
1459 3321 1537 3381 wieder
1558 3322 1597 3382 das
1618 3324 1692 3384 werde,
1713 3327 1756 3387 was
1773 3324 1795 3384 es
1812 3324 1848 3384 von
1865 3326 1946 3386 Anfang
1961 3327 2049 3387 gewesen
2056 3324 2112 3384 die
2126 3326 2165 3386 Ko¬

1469 3361 1641 3406 mische Oper.
